@MISC{llnl,
   TITLE="Introduction to Parallel Computing",
   HOWPUBLISHED={\url{https://computing.llnl.gov/tutorials/parallel_comp/#ExamplesPI}},
   NOTE="Erişim tarihi: 31.10.2017"
}
@MISC{arc,
   TITLE="Monte Carlo estimates of pi and an important statistical lesson - The DO Loop",
   HOWPUBLISHED={\url{https://blogs.sas.com/content/iml/2016/03/14/monte-carlo-estimates-of-pi.html}},
   NOTE="Erişim tarihi: 31.10.2017"
}

